<?xml version="1.0" encoding="UTF-8"?><collection xmlns="http://www.loc.gov/MARC21/slim"><record><leader>00428nam--2200169-i-4500</leader><controlfield tag="001">000029109</controlfield><controlfield tag="002">20161230</controlfield><controlfield tag="005">20170222165036</controlfield><controlfield tag="008">060222s1000------------r-----000-0-eng-d</controlfield><datafield ind1=" " ind2=" " tag="080"><subfield code="a">802.0(023)</subfield></datafield><datafield ind1=" " ind2=" " tag="100"><subfield code="a">Levitchi, Leon D</subfield></datafield><datafield ind1=" " ind2=" " tag="245"><subfield code="a">Invatati l.engleza fara profesor. ed.a iv-a</subfield></datafield><datafield ind1=" " ind2=" " tag="260"><subfield code="a">Bucuresti</subfield><subfield code="b">Ed.Stiintifica</subfield><subfield code="c">1964</subfield></datafield><datafield ind1=" " ind2=" " tag="300"><subfield code="a">720 p</subfield></datafield><datafield ind1=" " ind2=" " tag="700"><subfield code="a">Dutescu, Dan</subfield></datafield><datafield ind1=" " ind2=" " tag="852"><subfield code="a">76100</subfield></datafield><datafield ind1=" " ind2=" " tag="CAT"><subfield code="a">SYS</subfield><subfield code="c">20170222</subfield><subfield code="h">165036</subfield></datafield></record></collection>